%% This BibTeX bibliography file was created using BibDesk.
%% http://bibdesk.sourceforge.net/

%% Created for Frank Schultz at 2020-04-19 3:14:33 PM +0200 


%% Saved with string encoding Unicode (UTF-8) 



@book{Burg2013,
	Address = {Wiesbaden},
	Author = {Klemens Burg AND Herbert Haf AND Friedrich Wille AND Andreas Meister},
	Date-Added = {2020-04-19 3:14:26 PM +0200},
	Date-Modified = {2020-04-19 3:14:26 PM +0200},
	Edition = {6.},
	Publisher = {Springer Vieweg},
	Title = {H{\"o}here Mathematik f{\"u}r Ingenieure, Band III},
	Year = {2013}}

@book{GirodRabensteinStenger2007,
	Address = {Wiesbaden},
	Author = {Bernd Girod AND Rudolf Rabenstein AND Alexander Stenger},
	Date-Added = {2020-04-14 8:36:51 PM +0200},
	Date-Modified = {2020-04-14 8:36:51 PM +0200},
	Edition = {4.},
	Publisher = {Teubner},
	Title = {Einf{\"u}hrung in die Systemtheorie.},
	Year = {2007}}

@book{Girod2001,
	Address = {Chichester},
	Author = {Bernd Girod AND Rudolf Rabenstein AND Alexander Stenger},
	Date-Added = {2020-04-14 8:36:51 PM +0200},
	Date-Modified = {2020-04-14 8:36:51 PM +0200},
	Publisher = {Wiley},
	Title = {Signals and Systems},
	Year = {2001}}

@book{Fliege1991,
	Address = {Stuttgart},
	Author = {Norbert Fliege},
	Date-Added = {2020-04-14 8:36:43 PM +0200},
	Date-Modified = {2020-04-14 8:36:43 PM +0200},
	Publisher = {Teubner},
	Title = {Systemtheorie},
	Year = {1991}}

@book{Wunsch1972,
	Address = {Berlin},
	Author = {Gerhard Wunsch AND Helmut Schreiber},
	Date-Added = {2020-04-14 8:36:34 PM +0200},
	Date-Modified = {2020-04-14 8:36:34 PM +0200},
	Edition = {3.},
	Owner = {Frank Schultz},
	Publisher = {VEB Verlag Technik Berlin},
	Timestamp = {2010.04.12},
	Title = {Systemanalyse I, Lineare Systeme},
	Year = {1972}}

@book{Goeldner1987,
	Address = {Frankfurt am Main},
	Author = {Klaus G{\"o}ldner},
	Date-Added = {2020-04-14 8:31:26 PM +0200},
	Date-Modified = {2020-04-14 8:31:26 PM +0200},
	Edition = {2.},
	Owner = {Frank Schultz},
	Publisher = {Thun},
	Timestamp = {2010.04.12},
	Title = {Mathematische Grundlagen der Systemanalyse I},
	Year = {1987}}

@book{Oppenheim1997,
	Author = {Alan V. Oppenheim AND Alan S. Willksy AND S. Hamid Nawab},
	Date-Added = {2020-04-14 8:28:41 PM +0200},
	Date-Modified = {2020-04-14 8:28:41 PM +0200},
	Edition = {2.},
	Publisher = {Pearson, Prentice Hall},
	Title = {Signals and Systems},
	Year = {1997}}

@book{LangeSigSys1,
	Address = {Berlin},
	Author = {Franz Heinrich Lange},
	Date-Added = {2020-04-14 8:26:42 PM +0200},
	Date-Modified = {2020-04-14 8:26:42 PM +0200},
	Edition = {1.},
	Publisher = {VEB Verlag Technik Berlin},
	Title = {Signale und Systeme 1: Spektrale Darstellung},
	Year = {1975}}

@book{Strang2014,
	Author = {Gilbert Strang},
	Date-Added = {2020-02-08 2:18:40 PM +0100},
	Date-Modified = {2020-02-08 2:19:58 PM +0100},
	Publisher = {Wellesley-Cambridge},
	Title = {Differential Equations and Linear Algebra},
	Year = {2014}}
