%% This BibTeX bibliography file was created using BibDesk.
%% http://bibdesk.sourceforge.net/

%% Created for Frank Schultz at 2020-04-17 10:26:30 PM +0200 


%% Saved with string encoding Unicode (UTF-8) 



@book{Burg2013,
	Address = {Wiesbaden},
	Author = {Klemens Burg AND Herbert Haf AND Friedrich Wille AND Andreas Meister},
	Date-Added = {2020-04-17 10:23:23 PM +0200},
	Date-Modified = {2020-04-17 10:26:21 PM +0200},
	Edition = {6.},
	Publisher = {Springer Vieweg},
	Title = {H{\"o}here Mathematik f{\"u}r Ingenieure, Band III},
	Year = {2013}}

@book{Gradshteyn2007,
	Author = {I. S. Gradshteyn AND I. M. Ryzhik AND Alan Jeffrey AND Daniel Zwillinger},
	Date-Added = {2020-04-05 9:57:46 PM +0200},
	Date-Modified = {2020-04-05 9:57:46 PM +0200},
	Edition = {7.},
	Owner = {fschultz},
	Publisher = {Academic Press},
	Timestamp = {2011.07.04},
	Title = {Table of Integrals, Series, and Products},
	Year = {2007}}

@book{Abramowitz1972,
	Address = {New York},
	Author = {Milton Abramowitz AND Irene A. Stegun},
	Date-Added = {2020-04-05 9:57:31 PM +0200},
	Date-Modified = {2020-04-05 9:57:31 PM +0200},
	Edition = {9.},
	Owner = {fschultz},
	Publisher = {Dover},
	Timestamp = {2011.07.04},
	Title = {Handbook of Mathematical Functions with Formulas, Graphs, and Mathematical Tables},
	Year = {1972}}

@book{Arfken2005,
	Address = {Burlington, San Diego, London},
	Author = {George B. Arfken AND Hans J. Weber},
	Date-Added = {2020-04-05 4:49:51 PM +0200},
	Date-Modified = {2020-04-05 4:49:51 PM +0200},
	Edition = {6.},
	Owner = {Frank Schultz},
	Publisher = {Elsevier},
	Timestamp = {2009.12.27},
	Title = {Mathematical Methods for Physicists},
	Year = {2005}}

@book{Strang2010,
	Address = {Heidelberg},
	Author = {Gilbert Strang},
	Date-Added = {2020-03-23 5:47:04 PM +0100},
	Date-Modified = {2020-03-23 5:47:42 PM +0100},
	Publisher = {Springer},
	Title = {Wissenschaftliches Rechnen},
	Year = {2010}}

@book{Girod2001,
	Address = {Chichester},
	Author = {Bernd Girod AND Rudolf Rabenstein AND Alexander Stenger},
	Date-Added = {2020-03-23 5:41:46 PM +0100},
	Date-Modified = {2020-03-23 5:43:25 PM +0100},
	Publisher = {Wiley},
	Title = {Signals and Systems},
	Year = {2001}}

@book{Mildenberger1994,
	Address = {Braunschweig},
	Author = {Otto Mildenberger},
	Date-Added = {2020-03-23 12:56:27 PM +0100},
	Date-Modified = {2020-03-23 12:57:14 PM +0100},
	Publisher = {Vieweg},
	Title = {Aufgabensammlung System- und Signaltheorie},
	Year = {1994}}

@book{Oppenheim1989,
	Address = {Weinheim},
	Author = {Alan V. Oppenheim AND Alan S. Willsky},
	Date-Added = {2020-03-23 12:54:25 PM +0100},
	Date-Modified = {2020-03-23 12:55:25 PM +0100},
	Publisher = {VCH},
	Title = {Signale und Systeme Arbeitsbuch},
	Year = {1989}}

@book{Strang2014,
	Author = {Gilbert Strang},
	Date-Added = {2020-02-08 2:18:40 PM +0100},
	Date-Modified = {2020-02-08 2:19:58 PM +0100},
	Publisher = {Wellesley-Cambridge},
	Title = {Differential Equations and Linear Algebra},
	Year = {2014}}

@book{Oppenheim1997,
	Author = {Alan V. Oppenheim AND Alan S. Willksy AND S. Hamid Nawab},
	Date-Added = {2019-06-29 1:28:55 PM +0200},
	Date-Modified = {2019-06-29 1:31:15 PM +0200},
	Edition = {2.},
	Publisher = {Pearson, Prentice Hall},
	Title = {Signals and Systems},
	Year = {1997}}

@book{Fliege1991,
	Address = {Stuttgart},
	Author = {Norbert Fliege},
	Date-Added = {2019-05-20 11:21:08 AM +0200},
	Date-Modified = {2019-05-20 11:21:39 AM +0200},
	Publisher = {Teubner},
	Title = {Systemtheorie},
	Year = {1991}}

@book{LangeSigSys1,
	Address = {Berlin},
	Author = {Franz Heinrich Lange},
	Date-Added = {2019-02-09 11:35:15 AM +0100},
	Date-Modified = {2019-02-09 11:38:33 AM +0100},
	Edition = {1.},
	Publisher = {VEB Verlag Technik Berlin},
	Title = {Signale und Systeme 1: Spektrale Darstellung},
	Year = {1975}}

@book{Goeldner1987,
	Address = {Frankfurt am Main},
	Author = {Klaus G{\"o}ldner},
	Edition = {2.},
	Owner = {Frank Schultz},
	Publisher = {Thun},
	Timestamp = {2010.04.12},
	Title = {Mathematische Grundlagen der Systemanalyse I},
	Year = {1987}}

@book{Goeldner1983,
	Address = {Frankfurt am Main},
	Author = {Klaus G{\"o}ldner},
	Edition = {1.},
	Owner = {Frank Schultz},
	Publisher = {Thun},
	Timestamp = {2010.04.12},
	Title = {Mathematische Grundlagen der Systemanalyse II},
	Year = {1983}}

@book{GirodRabensteinStenger2007,
	Address = {Wiesbaden},
	Author = {Bernd Girod AND Rudolf Rabenstein AND Alexander Stenger},
	Edition = {4.},
	Publisher = {Teubner},
	Title = {Einf{\"u}hrung in die Systemtheorie.},
	Year = {2007}}

@book{Lyons2011,
	Address = {Upper Saddle River},
	Author = {Richard G. Lyons},
	Edition = {3.},
	Owner = {Frank Schultz},
	Publisher = {Prentice Hall},
	Timestamp = {2010.04.12},
	Title = {Understanding Digital Signal Processing},
	Year = {2011}}

@book{Nist2010,
	Author = {Frank W. J. Olver AND Daniel W. Lozier AND Ronald F. Boisvert AND Charles W. Clark},
	Edition = {1.},
	Publisher = {Cambridge University Press},
	Title = {NIST Handbook of Mathematical Functions},
	Year = {2010}}

@book{Oppenheim2010,
	Address = {Upper Saddle River},
	Author = {Alan V. Oppenheim AND Ronald W. Schafer},
	Edition = {3.},
	Owner = {Frank Schultz},
	Publisher = {Pearson},
	Timestamp = {2010.04.12},
	Title = {Discrete-Time Signal Processing},
	Year = {2010}}

@book{Oppenheim2004,
	Address = {M{\"u}nchen},
	Author = {Alan V. Oppenheim AND Roland W. Schafer AND John R. Buck},
	Edition = {2.},
	Owner = {Frank Schultz},
	Publisher = {Pearson},
	Timestamp = {2010.04.12},
	Title = {Zeitdiskrete Signalverarbeitung},
	Year = {2004}}

@book{Wunsch2006a,
	Address = {Dresden},
	Author = {Gerhard Wunsch AND Helmut Schreiber},
	Edition = {4.},
	Owner = {fschultz},
	Publisher = {TUDpress},
	Timestamp = {2012.12.04},
	Title = {Analoge Systeme},
	Year = {2006}}

@book{Wunsch1972,
	Address = {Berlin},
	Author = {Gerhard Wunsch AND Helmut Schreiber},
	Edition = {3.},
	Owner = {Frank Schultz},
	Publisher = {VEB Verlag Technik Berlin},
	Timestamp = {2010.04.12},
	Title = {Systemanalyse I, Lineare Systeme},
	Year = {1972}}

@book{Zollner2009,
	Author = {Manfred Zollner},
	Owner = {fschultz},
	Publisher = {Hochschule Regensburg},
	Timestamp = {2012.12.04},
	Title = {Signalverarbeitung},
	Year = {2009}}

@book{Zollner1999,
	Author = {Manfred Zollner},
	Owner = {fschultz},
	Publisher = {Hochschule Regensburg},
	Timestamp = {2012.12.04},
	Title = {Frequenzanalyse},
	Year = {1999}}
